<?xml version="1.0" encoding="UTF-8" standalone="no"?><searchRetrieveResponse xmlns="http://www.loc.gov/zing/srw/">
  <version>1.2</version>
  <numberOfRecords>2</numberOfRecords>
  <records>
    <record>
      <recordSchema>marcxml</recordSchema>
      <recordPacking>xml</recordPacking>
      <recordData>
        <record xmlns="http://www.loc.gov/MARC21/slim">
          <leader>01151nam a2200301 c 4500</leader>
          <controlfield tag="001">991079993319705501</controlfield>
          <controlfield tag="005">20201126051001.0</controlfield>
          <controlfield tag="008">090522s2009    fr ||||| |||| 00| ||fre d</controlfield>
          <datafield tag="020" ind1=" " ind2=" ">
            <subfield code="a">9782296076648</subfield>
          </datafield>
          <datafield tag="022" ind1="0" ind2=" ">
            <subfield code="a">1560-1560</subfield>
            <subfield code="l">1234-1231</subfield>
          </datafield>
          <datafield tag="024" ind1="7" ind2=" ">
            <subfield code="a">http://catalogue.bnf.fr/ark:/12148/cb41467055h</subfield>
            <subfield code="2">uri</subfield>
          </datafield>
          <datafield tag="024" ind1="1" ind2=" ">
            <subfield code="a">7822183031</subfield>
          </datafield>
          <datafield tag="035" ind1=" " ind2=" ">
            <subfield code="a">(swissbib)108058360-41slsp_network</subfield>
          </datafield>
          <datafield tag="035" ind1=" " ind2=" ">
            <subfield code="a">108058360</subfield>
            <subfield code="9">ExL</subfield>
          </datafield>
          <datafield tag="035" ind1=" " ind2=" ">
            <subfield code="a">(RERO)R005052957-41slsp</subfield>
          </datafield>
          <datafield tag="040" ind1=" " ind2=" ">
            <subfield code="a">RERO geies-</subfield>
            <subfield code="d">CH-ZuSLS</subfield>
          </datafield>
          <datafield tag="050" ind1="0" ind2="0">
            <subfield code="a">TT835</subfield>
            <subfield code="b">.B4826 2019</subfield>
          </datafield>
          <datafield tag="080" ind1=" " ind2=" ">
            <subfield code="a">821.113.1</subfield>
            <subfield code="x">(494)</subfield>
            <subfield code="2">[edition information]</subfield>
          </datafield>
          <datafield tag="082" ind1="0" ind2="0">
            <subfield code="a">746.46</subfield>
            <subfield code="2">23</subfield>
          </datafield>
          <datafield tag="072" ind1=" " ind2="7">
            <subfield code="a">in</subfield>
            <subfield code="2">rero</subfield>
          </datafield>
          <datafield tag="100" ind1="1" ind2=" ">
            <subfield code="a">Chatelain, Yannick</subfield>
            <subfield code="d">1965-....</subfield>
            <subfield code="4">cre</subfield>
          </datafield>
          <datafield tag="210" ind1="1" ind2=" ">
            <subfield code="a">Rech. écon. Louvain</subfield>
            <subfield code="b">(Imprimé)</subfield>
          </datafield>
          <datafield tag="222" ind1=" " ind2="0">
            <subfield code="a">Recherches économiques de Louvain</subfield>
            <subfield code="b">(Imprimé)</subfield>
          </datafield>
          <datafield tag="245" ind1="1" ind2="0">
            <subfield code="a">!ResisTanZ !</subfield>
            <subfield code="b">hackeurs, les maquisards de l'innovation ! : management de l'innovation, internet et déviance, apprendre et savoir intégrer les logiques hackers</subfield>
            <subfield code="c">Chatelain</subfield>
          </datafield>
          <datafield tag="264" ind1=" " ind2="1">
            <subfield code="a">Paris</subfield>
            <subfield code="b">L'Harmattan</subfield>
            <subfield code="c">2009</subfield>
          </datafield>
          <datafield tag="300" ind1=" " ind2=" ">
            <subfield code="a">220 p.</subfield>
          </datafield>
          <datafield tag="310" ind1=" " ind2=" ">
            <subfield code="a">Monthly,</subfield>
            <subfield code="b">1985-</subfield>
          </datafield>
          <datafield tag="321" ind1=" " ind2=" ">
            <subfield code="a">Ten no. a year,</subfield>
            <subfield code="b">1982-1984</subfield>
          </datafield>
          <datafield tag="336" ind1=" " ind2=" ">
            <subfield code="b">txt</subfield>
            <subfield code="2">rdacontent</subfield>
          </datafield>
          <datafield tag="337" ind1=" " ind2=" ">
            <subfield code="b">n</subfield>
            <subfield code="2">rdamedia</subfield>
          </datafield>
          <datafield tag="338" ind1=" " ind2=" ">
            <subfield code="b">nc</subfield>
            <subfield code="2">rdacarrier</subfield>
          </datafield>
          <datafield tag="362" ind1="0" ind2=" ">
            <subfield code="a">1962-1965. </subfield>
          </datafield>
          <datafield tag="490" ind1="0" ind2=" ">
            <subfield code="a">Impacts des nouvelles technologies</subfield>
            <subfield code="v">v. 14</subfield>
          </datafield>
          <datafield tag="502" ind1=" " ind2=" ">
            <subfield code="a">Mémoire de stage (3e cycle) -- Université Dummy</subfield>
          </datafield>
          <datafield tag="506" ind1=" " ind2=" ">
            <subfield code="a">Open Access</subfield>
          </datafield>
          <datafield tag="510" ind1="3" ind2=" ">
            <subfield code="a">Bibliographie cartographique internationale </subfield>
          </datafield>
          <datafield tag="511" ind1=" " ind2=" ">
            <subfield code="a">Marshall Moss, violin ; Neil Roberts, harpsichord. </subfield>
          </datafield>
          <datafield tag="521" ind1=" " ind2=" ">
            <subfield code="a">Program designed for geographers, planners, geologists, meteorologists and others who have a professional interest in analyzing spatial data</subfield>
          </datafield>
          <datafield tag="600" ind1="1" ind2="0">
            <subfield code="a">Baudelaire, Charles,</subfield>
            <subfield code="d">1821-1867.</subfield>
            <subfield code="t">Fleurs du mal.</subfield>
          </datafield>
          <datafield tag="650" ind1=" " ind2="7">
            <subfield code="a">Morale sociale</subfield>
            <subfield code="2">rero</subfield>
          </datafield>
          <datafield tag="650" ind1=" " ind2="7">
            <subfield code="a">Pirates informatiques</subfield>
            <subfield code="2">rero</subfield>
          </datafield>
          <datafield tag="650" ind1=" " ind2="7">
            <subfield code="a">Innovations technologiques</subfield>
            <subfield code="2">rero</subfield>
          </datafield>
          <datafield tag="650" ind1=" " ind2="7">
            <subfield code="a">Société numérique</subfield>
            <subfield code="2">rero</subfield>
          </datafield>
          <datafield tag="653" ind1=" " ind2=" ">
            <subfield code="a">Abenteuer</subfield>
          </datafield>
          <datafield tag="655" ind1=" " ind2="7">
            <subfield code="a">Bird's-eye views</subfield>
            <subfield code="y">1874.</subfield>
            <subfield code="2">gmgpc</subfield>
          </datafield>
          <datafield tag="773" ind1="0" ind2=" ">
            <subfield code="7">p1am</subfield>
            <subfield code="a">Desio, Ardito, 1897-</subfield>
            <subfield code="t">Geographical features of the Karakorum.</subfield>
            <subfield code="g">Vol. 24, pt. B no. 9 (Sept. 1993), p. 235-48</subfield>
            <subfield code="d">Milano : ISMEO, 1991</subfield>
          </datafield>
          <datafield tag="852" ind1="0" ind2="1">
            <subfield code="a">41SLSP_HES</subfield>
            <subfield code="6">991000462019705514</subfield>
            <subfield code="9">P</subfield>
          </datafield>
          <datafield tag="856" ind1="4" ind2="0">
            <subfield code="u">https://nbn-resolving.org/urn:nbn:de:101:1-2021090320480431761051</subfield>
            <subfield code="x">Resolving-System</subfield>
            </datafield>
          <datafield tag="900" ind1=" " ind2=" ">
            <subfield code="a">REROnoselfmerge</subfield>
          </datafield>
        </record>
      </recordData>
      <recordIdentifier>991079993319705501</recordIdentifier>
      <recordPosition>1</recordPosition>
    </record>