
    <record>
      <recordSchema>marcxml</recordSchema>
      <recordPacking>xml</recordPacking>
      <recordData>
        <record xmlns="http://www.loc.gov/MARC21/slim">
          <leader>02081nam a2200469 a 4500</leader>
          <controlfield tag="001">991170385813105501</controlfield>
          <controlfield tag="005">20170817205406.0</controlfield>
          <controlfield tag="007">cr||||||||||||</controlfield>
          <controlfield tag="008">130125s2013    enk|||||s|||||||||||eng d</controlfield>
          <datafield ind1=" " ind2=" " tag="020">
            <subfield code="a">2-296-21856-3</subfield>
          </datafield>
          <datafield ind1=" " ind2=" " tag="035">
            <subfield code="a">(CKB)3400000000127503</subfield>
          </datafield>
          <datafield ind1=" " ind2=" " tag="035">
            <subfield code="a">(StDuBDS)AH25231935</subfield>
          </datafield>
          <datafield ind1=" " ind2=" " tag="035">
            <subfield code="a">(SSID)ssj0001261161</subfield>
          </datafield>
          <datafield ind1=" " ind2=" " tag="035">
            <subfield code="a">(PQKBManifestationID)12517471</subfield>
          </datafield>
          <datafield ind1=" " ind2=" " tag="035">
            <subfield code="a">(PQKBTitleCode)TC0001261161</subfield>
          </datafield>
          <datafield ind1=" " ind2=" " tag="035">
            <subfield code="a">(PQKBWorkID)11319763</subfield>
          </datafield>
          <datafield ind1=" " ind2=" " tag="035">
            <subfield code="a">(PQKB)10829158</subfield>
          </datafield>
          <datafield ind1=" " ind2=" " tag="035">
            <subfield code="a">(EXLCZ)993400000000127503</subfield>
          </datafield>
          <datafield ind1=" " ind2=" " tag="040">
            <subfield code="d">UkPrAHLS</subfield>
          </datafield>
          <datafield ind1=" " ind2=" " tag="041">
            <subfield code="a">fre</subfield>
          </datafield>
          <datafield ind1=" " ind2="0" tag="050">
            <subfield code="a">HV6773.C475 2009</subfield>
          </datafield>
          <datafield ind1="1" ind2=" " tag="100">
            <subfield code="a">Yannick Chatelain</subfield>
          </datafield>
          <datafield ind1="1" ind2="0" tag="245">
            <subfield code="a">Resistanz - hackeurs, les maquisards de l'innovation !</subfield>
            <subfield code="h">[electronic resource] /</subfield>
            <subfield code="c">Yannick Chatelain</subfield>
          </datafield>
          <datafield ind1=" " ind2=" " tag="260">
            <subfield code="b">HARMATTAN</subfield>
            <subfield code="c">2013</subfield>
          </datafield>
          <datafield ind1=" " ind2=" " tag="300">
            <subfield code="a">1 online resource (220 p.)</subfield>
          </datafield>
          <datafield ind1=" " ind2=" " tag="336">
            <subfield code="a">text</subfield>
            <subfield code="b">txt</subfield>
          </datafield>
          <datafield ind1=" " ind2=" " tag="337">
            <subfield code="a">computer</subfield>
            <subfield code="b">c</subfield>
          </datafield>
          <datafield ind1=" " ind2=" " tag="338">
            <subfield code="a">online resource</subfield>
            <subfield code="b">cr</subfield>
          </datafield>
          <datafield ind1=" " ind2=" " tag="366">
            <subfield code="a">20130125</subfield>
          </datafield>
          <datafield ind1="0" ind2=" " tag="490">
            <subfield code="a">Impacts des nouvelles technologies !ResisTanz!</subfield>
          </datafield>
          <datafield ind1=" " ind2=" " tag="520">
            <subfield code="b">Les logiques mondialisees de gouvernance par la peur post 11 septembre ont pour ambition (non avouee) de ranger toutes les formes de deviances dans le crime et/ou le terrorisme. Sur le reseau, la communaute hacker, tout comme les utilisateurs, a ainsi ete largement la cible et la victime de cette vision du monde. Les consequences de cette stigmatisation ont ete un frein fort a l'innovation... Voici des reflexions pour proteger une pensee autonome differente, l'innovation et toutes les formes d'evolution sociale.</subfield>
          </datafield>
          <datafield ind1=" " ind2=" " tag="533">
            <subfield code="a">Electronic reproduction.</subfield>
            <subfield code="c">Askews and Holts.</subfield>
            <subfield code="n">Mode of access: World Wide Web.</subfield>
          </datafield>
          <datafield ind1=" " ind2=" " tag="500">
            <subfield code="a">Bibliographic Level Mode of Issuance: Monograph</subfield>
          </datafield>
          <datafield ind1=" " ind2=" " tag="546">
            <subfield code="a">French</subfield>
          </datafield>
          <datafield ind1=" " ind2="7" tag="655">
            <subfield code="a">Electronic books.</subfield>
            <subfield code="2">lcsh</subfield>
          </datafield>
          <datafield ind1=" " ind2="0" tag="650">
            <subfield code="a">Hackers</subfield>
            <subfield code="x">Security measures</subfield>
          </datafield>
          <datafield ind1=" " ind2="0" tag="650">
            <subfield code="a">Electronic data processing departments</subfield>
            <subfield code="x">Social aspects</subfield>
            <subfield code="x">Technological innovations</subfield>
          </datafield>
          <datafield ind1=" " ind2="0" tag="650">
            <subfield code="a">Communication</subfield>
          </datafield>
          <datafield ind1=" " ind2="7" tag="650">
            <subfield code="a">Social Welfare &amp; Social Work</subfield>
            <subfield code="2">HILCC</subfield>
          </datafield>
          <datafield ind1=" " ind2="7" tag="650">
            <subfield code="a">Social Sciences</subfield>
            <subfield code="2">HILCC</subfield>
          </datafield>
          <datafield ind1=" " ind2="7" tag="650">
            <subfield code="a">Criminology, Penology &amp; Juvenile Delinquency</subfield>
            <subfield code="2">HILCC</subfield>
          </datafield>
          <datafield ind1=" " ind2=" " tag="776">
            <subfield code="z">2-296-07664-5</subfield>
          </datafield>
          <datafield ind1="0" ind2="1" tag="852">
            <subfield code="a">41SLSP_UNE</subfield>
            <subfield code="6">991009650005605517</subfield>
            <subfield code="9">E</subfield>
          </datafield>
          <datafield ind1=" " ind2=" " tag="906">
            <subfield code="a">BOOK</subfield>
          </datafield>
        </record>
      </recordData>
      <recordIdentifier>991170385813105501</recordIdentifier>
      <recordPosition>2</recordPosition>
    </record>
  </records>
  <extraResponseData xmlns:xb="http://www.exlibris.com/repository/search/xmlbeans/">
    <xb:exact>true</xb:exact>
    <xb:responseDate>2021-10-04T19:46:20+0200</xb:responseDate>
  </extraResponseData>
</searchRetrieveResponse>
